@article{McGuire2013Transparency,
   author  = {Morgan McGuire and Louis Bavoil},
   title   = {Weighted Blended Order-Independent Transparency},
   year    = {2013},
   month   = {December},
   day     = {18},
   journal = {Journal of Computer Graphics Techniques (JCGT)},
   volume  = {2},
   number  = {2},
   pages   = {122--141},
   url     = {http://jcgt.org/published/0002/02/09/},
   issn    = {2331-7418}
}
@article{pavie:hal-02413269,
  TITLE = {{Volumetric Spot Noise for Procedural 3D Shell Texture Synthesis}},
  AUTHOR = {Pavie, Nicolas and Gilet, Guillaume and Dischler, Jean-Michel and Galin, Eric and Ghazanfarpour, Djamchid},
  URL = {https://hal.archives-ouvertes.fr/hal-02413269},
  JOURNAL = {{Computer Graphics and Visual Computing (CGVC)}},
  PUBLISHER = {{Cagatay Turkay and Tao Ruan Wan}},
  YEAR = {2016},
  MONTH = Aug,
  KEYWORDS = {surface ; solid ; and object rep- resentations I37 [Computer Graphics]: Three-Dimensional Graphics and Realism-Color ; shading ; and texture Keywords Procedural texturing ; shadowing ; Image synthesis ; Procedural texturing ; I37 [Computer Graphics]: Three-Dimensional Graphics and Realism-Color ; procedural noise ; volumetric visualization ; (according to ACM CCS): I33 [Computer Graphics]: Picture/Image Generation-Display algorithms I35 [Computer Graphics]: Computational Geometry and Object Modeling-Curve},
  PDF = {https://hal.archives-ouvertes.fr/hal-02413269/file/EGUK_ShellSpotNoise.pdf},
  HAL_ID = {hal-02413269},
  HAL_VERSION = {v1},
}
